@misc{article1 ,
author = {\textlatin{M.G. Michael, Sarah Jean Fusco, Katina Michael}},
title = {\textlatin{A research note on ethics in the emerging age of uberveillance}},
howpublished = {\textlatin{Available at \url{https://www.sciencedirect.com/science/article/abs/pii/S0140366408000352} (2008/01/26)}}
}

@misc{article2 ,
author = {\textlatin{Kate Crawford, Kate Milner, Mary L. Gray}},
title = {\textlatin{Critiquing Big Data: Politics, Ethics, Epistemology}},
howpublished = {\textlatin{Available at \url{https://ijoc.org/index.php/ijoc/article/download/2167/1164} (2013/04/10)}}
}

@misc{article3 ,
author = {\textlatin{Reid McIlroy-Young, Jon Kleinberg, Siddhartha Sen, Solon Barocas, Ashton Anderson}},
title = {\textlatin{Mimetic Models: Ethical Implications of AI that Acts Like You}},
howpublished = {\textlatin{Available at \url{https://arxiv.org/abs/2207.09394} (2022/09/19)}}
}

@misc{article4 ,
author = {\textlatin{Roger Clarke}},
title = {\textlatin{What is Überveillance?(And What Should Be Done About It?)}},
howpublished = {\textlatin{Available at \url{https://ieeexplore.ieee.org/document/5475107} (2010/08/01)}}
}

@misc{article5 ,
author = {\textlatin{Daniel E. O’Leary}},
title = {\textlatin{Ethics for Big Data and Analytics}},
howpublished = {\textlatin{Available at \url{https://ieeexplore.ieee.org/document/7515114} (2016/09/18)}}
}

@misc{article6 ,
author = {\textlatin{Samuel Greengard}},
title = {\textlatin{AI Rewrites Coding}},
howpublished = {\textlatin{Available at \url{https://dl.acm.org/doi/10.1145/3583083} (2023/03/23)}}
}

@misc{article7 ,
author = {\textlatin{Amin Shahraki, Øystein Haugen}},
title = {\textlatin{Social ethics in Internet of Things:An outline and review}},
howpublished = {\textlatin{Available at \url{https://ieeexplore.ieee.org/document/8390757} (2018/06/21)}}
}

@misc{article8 ,
author = {\textlatin{Ferenc Huszára, Sofia Ira Ktenaa, Conor O’Briena, Luca Bellia, Andrew Schlaikjera, Moritz Hardtd}},
title = {\textlatin{Algorithmic amplification of politics on Twitter}},
howpublished = {\textlatin{Available at \url{https://www.pnas.org/doi/full/10.1073/pnas.2025334119} (2022/01/04)}}
}

@misc{article9 ,
author = {\textlatin{Andrej Zwitter}},
title = {\textlatin{Big Data ethics}},
howpublished = {\textlatin{Available at \url{https://journals.sagepub.com/doi/full/10.1177/2053951714559253} (2014/07/01)}}
}

@misc{article10 ,
author = {\textlatin{Philip Brey}},
title = {\textlatin{Freedom and privacy in Ambient Intelligence}},
howpublished = {\textlatin{Available at \url{https://link.springer.com/article/10.1007/s10676-006-0005-3} (2005/09/01)}}
}

@misc{article11 ,
author = {\textlatin{Andreas Tsamados, Nikita Aggarwal, Josh Cowls, Jessica Morley1, Huw Roberts, Mariarosaria Taddeo, Luciano Floridi}},
title = {\textlatin{The ethics of algorithms: key problems and solutions}},
howpublished = {\textlatin{Available at \url{https://link.springer.com/article/10.1007/s00146-021-01154-8} (2022/03/01)}}
}